<?xml version="1.0" encoding="UTF-8"?><collection xmlns="http://www.loc.gov/MARC21/slim"><record><leader>00549nam--2200169-u-4500</leader><controlfield tag="001">000056903</controlfield><controlfield tag="002">20200911</controlfield><controlfield tag="005">20200911051455</controlfield><controlfield tag="008">200911s1000------------r-----000-0-eng-d</controlfield><datafield ind1=" " ind2=" " tag="040"><subfield code="a">IFIN-HH</subfield></datafield><datafield ind1="1" ind2=" " tag="100"><subfield code="a">International Atomic Energy Agency</subfield></datafield><datafield ind1="1" ind2="0" tag="245"><subfield code="a">Uses of Ionizing Radiation for Tangible Cultural Heritage Conservation</subfield><subfield code="c">International Atomic Energy Agency</subfield></datafield><datafield ind1=" " ind2=" " tag="260"><subfield code="a">Viena</subfield><subfield code="b">International Atomic Energy Agency</subfield><subfield code="c">2017</subfield></datafield><datafield ind1=" " ind2=" " tag="300"><subfield code="a">241 p</subfield></datafield><datafield ind1=" " ind2=" " tag="500"><subfield code="a">Donatie Acad. Nicolae Vicor Zamfir</subfield></datafield><datafield ind1=" " ind2=" " tag="852"><subfield code="a">82835</subfield><subfield code="c">NVZ</subfield></datafield><datafield ind1=" " ind2=" " tag="CAT"><subfield code="a">SYS</subfield><subfield code="c">20200911</subfield><subfield code="h">051455</subfield></datafield></record></collection>